<record><leader>00000cas a22000007a 4500</leader><controlfield tag="001">13058635</controlfield><controlfield tag="008">860124d19811982wiuer ne      0    0eng d</controlfield><datafield ind1=" " ind2=" " tag="010"><subfield code="a">sn 86086290 </subfield></datafield><datafield ind1=" " ind2=" " tag="040"><subfield code="a">NPV</subfield><subfield code="b">eng</subfield><subfield code="c">NPV</subfield><subfield code="d">OCLCQ</subfield></datafield><datafield ind1=" " ind2=" " tag="042"><subfield code="a">msc</subfield></datafield><datafield ind1=" " ind2=" " tag="045"><subfield code="a">x8x8</subfield></datafield><datafield ind1=" " ind2=" " tag="052"><subfield code="a">4123</subfield><subfield code="b">D6</subfield></datafield><datafield ind1="0" ind2="0" tag="245"><subfield code="a">Island exchange of news.</subfield></datafield><datafield ind1=" " ind2=" " tag="260"><subfield code="a">[Washington Island, Wis. :</subfield><subfield code="b">s.n.],</subfield><subfield code="c">1981-1982.</subfield></datafield><datafield ind1=" " ind2=" " tag="300"><subfield code="a">1 v.</subfield></datafield><datafield ind1=" " ind2=" " tag="310"><subfield code="a">Biweekly</subfield></datafield><datafield ind1="0" ind2=" " tag="362"><subfield code="a">Vol. 1, no. 1 (Nov. 25, 1981)-v. 1, no. 5 (Jan. 21, 1982).</subfield></datafield><datafield ind1=" " ind2=" " tag="500"><subfield code="a">Editor: L. Gordon.</subfield></datafield><datafield ind1=" " ind2=" " tag="530"><subfield code="a">Available on microfilm from The State Historical Society of Wisconsin.</subfield></datafield><datafield ind1=" " ind2=" " tag="752"><subfield code="a">United States</subfield><subfield code="b">Wisconsin</subfield><subfield code="c">Door</subfield><subfield code="d">Washington Island.</subfield></datafield><datafield ind1="0" ind2="0" tag="785"><subfield code="t">Island exchange of news &amp; ads</subfield><subfield code="w">(DLC)sn 86086291</subfield></datafield><datafield ind1="1" ind2=" " tag="029"><subfield code="a">AU@</subfield><subfield code="b">000025826046</subfield></datafield></record>